1721 2354
63 344 211 391 Nunc
234 343 322 391 tibi
345 342 530 402 tristia3
571 349 688 389 tunc
711 340 800 388 tibi
824 339 1038 406 gaudia3
1075 339 1256 405 gaudia
1280 336 1492 403 quanta?

60 432 173 480 Vox
196 431 367 496 nequit
389 430 546 491 edere,
572 429 762 477 lumina
785 445 996 488 cernere,
1019 435 1220 493 tangere
1244 425 1431 490 planta.

61 519 186 567 Post
208 518 367 585 nigra,
391 525 500 583 post
521 516 671 578 mala,
697 523 807 581 post
829 515 933 564 fera
957 513 1206 575 scandala,
1233 529 1346 578 quae
1371 529 1484 561 caro

125 613 339 672 praestat,

60 696 265 760 Absque
288 693 541 760 nigredine
566 692 669 753 lux,
697 692 798 740 sine
822 691 1016 739 turbine
1042 707 1157 755 pax,
1175 690 1265 739 tibi
1287 698 1450 738 restat.
1524 719 1527 741 ι

16 806 20 851 3
62 784 190 832 Sunt
225 783 372 831 modo
410 780 597 846 praelia,
646 780 904 845 postmodo
942 779 1165 844 praemia.
1259 777 1442 836 Qualia
1462 777 1481 825 ‘3
1524 828 1527 843 ‹

16 861 20 900 ¹
129 870 313 919 Plena:
1525 848 1528 916 l

17 904 21 1024 i
62 960 221 1007 Plena
241 958 455 1018 refectio,
479 957 713 1022 nullaque
737 956 915 1020 passio,
941 955 1175 1019 nullaque
1194 971 1358 1019 poena.
1526 941 1529 953 ι

64 1048 161 1112 Spe
185 1047 332 1096 modo
355 1046 557 1107 vivitur,
583 1053 629 1093 et
654 1045 790 1109 Syon
813 1045 1012 1110 angitur
1034 1061 1063 1091 a
1089 1042 1351 1107 Babylone
1373 1061 1385 1103 ;

62 1136 213 1184 Nunc
235 1134 508 1193 tribulatio;
534 1142 652 1180 tunc
674 1132 924 1188 recreatio,
941 1140 1148 1196 sceptra,
1173 1148 1386 1180 coronae.

65 1225 166 1282 Qui
190 1224 338 1272 modo
363 1222 590 1282 creditur,
613 1222 717 1285 ipse
740 1220 1002 1283 videbitur,
1028 1227 1174 1284 atque
1198 1220 1407 1268 scietur:

66 1313 182 1377 Ipse
203 1312 482 1360 videntibus
504 1319 652 1374 atque
676 1309 938 1357 scientibus
962 1308 1268 1356 attribuetur.

21 1419 24 1461 3
65 1400 227 1448 Plena
247 1399 460 1460 refectio,
484 1407 603 1446 tunc
627 1398 708 1462 pia
731 1397 873 1458 visio,
902 1397 1023 1444 visio
1047 1396 1084 1445 J
1089 1412 1185 1446 ΕΒΗ
1204 1416 1215 1445 z

66 1489 182 1536 Hoc
206 1487 553 1553 speculabitur,
580 1487 673 1534 hoc
699 1486 957 1533 satiabitur
981 1484 1138 1533 Israel
1161 1501 1277 1546 esu3

65 1578 183 1626 Hoc
204 1577 475 1635 satiabitur,
499 1576 630 1623 hunc
655 1574 918 1622 sociabitur
940 1574 992 1620 in
1017 1573 1153 1638 Syon
1180 1591 1306 1622 arce.

22 1686 24 1711 ε
67 1668 112 1716 O
138 1669 265 1716 bone
290 1666 418 1726 Rex,
441 1665 509 1713 ibi
533 1664 698 1712 nullus
722 1672 832 1729 eget
854 1663 944 1711 tibi
969 1663 1144 1724 dicere,
1165 1663 1325 1711 Parce

64 1756 169 1806 Cor
191 1754 482 1810 miserabile,
507 1770 682 1818 corpus
707 1752 896 1813 inutile,
921 1769 1017 1800 non
1042 1752 1131 1800 erit
1153 1751 1282 1800 ultra
1302 1770 1315 1812 3

22 1861 25 1894 J
65 1844 223 1893 Nulla
245 1844 501 1904 cadavera,
525 1841 757 1906 nullaque
779 1840 967 1901 funera,
994 1839 1130 1888 nulla
1153 1840 1411 1905 sepulchra
1432 1859 1445 1902 3

68 1932 316 1997 Quodque
339 1931 526 1979 beatius
551 1939 637 1991 est,
662 1928 794 1977 mala
816 1928 1014 1993 longius
1039 1929 1204 1976 omnia
1228 1928 1348 1976 fient
1374 1946 1386 1976 :

69 2020 150 2068 Ob
174 2027 259 2068 tua
282 2019 505 2080 crimina,
521 2019 628 2084 jam
652 2026 737 2066 tua
759 2017 948 2066 lumina
970 2035 1069 2066 non
1092 2016 1373 2066 madefient.
