1721 2354
164 263 378 313 Pectora
401 265 655 330 plausibus
679 273 827 330 atque
849 265 1111 313 canoribus
1135 281 1220 313 ora
1241 265 1450 329 parabit,

164 352 297 402 Cum
321 371 411 402 sua
434 354 658 415 crimina,
681 353 919 418 lapsaque
936 353 1142 419 pristina
1163 360 1296 401 stans
1320 353 1638 403 memorabit..
1719 419 1721 424 ἲ

120 494 124 534 1
167 440 283 499 Quo
306 441 399 490 fuit
422 441 635 507 amplior
658 458 808 503 error,
831 441 1048 506 iniquior
1071 442 1199 490 actio
1224 441 1420 502 mentis,
1714 429 1721 487 ἓ

120 535 124 620 ἶ
166 528 297 578 Laus
323 530 414 578 erit
436 530 665 596 amplior,
689 531 906 595 hymnus
930 539 977 579 et
1000 530 1161 592 altior,
1185 530 1314 579 hanc
1338 530 1593 579 abolentis.

167 616 335 666 Unica
357 620 524 666 cantio
546 627 683 681 tunc,
708 619 956 668 miseratio
981 618 1126 684 plena
1148 618 1405 679 Tonantis3

165 705 299 755 Laus
323 709 413 755 erit
436 708 599 769 unica,
624 725 714 773 pro
738 709 862 773 stipe
887 706 1058 756 coelica
1081 708 1285 772 praemia
1310 706 1494 767 dantis;

120 810 125 886 Ἰ
165 795 271 844 Pro
295 797 419 861 stipe
443 797 664 861 praemia,
691 814 780 862 pro
805 813 948 845 cruce
973 797 1171 862 gaudia,
1197 813 1285 861 pro
1311 812 1426 844 nece
1450 796 1552 844 vita

120 891 124 910 ⁶
165 882 264 931 Illa
287 884 547 945 tenebitur,
571 884 685 933 inde
708 883 975 945 replebitur
999 883 1239 931 Israelita.

1635 1034 1640 1082 Ι

119 1019 124 1113 l
168 1061 271 1110 Hic
289 1063 436 1111 breve
452 1062 743 1124 vivitur,hic
758 1063 905 1111 breve
920 1062 1280 1129 plangitur,hic
1296 1065 1443 1113 breve
1459 1064 1638 1126 fietur3·

164 1150 283 1200 Non
306 1152 454 1201 breve
475 1138 661 1213 Vivere,
685 1168 783 1202 non
807 1152 953 1199 breve
977 1151 1211 1217 plangere
1233 1153 1540 1202 retribuetur.

120 1288 124 1316 ξ
168 1240 213 1289 O
239 1241 494 1289 retributio
515 1241 525 1288 l
561 1248 656 1288 stat
684 1240 843 1288 brevis
867 1240 1012 1301 actio,
1037 1240 1138 1287 vita
1160 1241 1385 1304 perennis
1406 1260 1419 1303 ;

166 1327 213 1377 O
237 1328 491 1377 retributio
515 1328 525 1376 1
560 1328 732 1378 coelica
755 1329 945 1376 mansio
968 1336 1064 1376 stat
1085 1328 1165 1376 lue
1189 1328 1362 1393 plenis.

168 1417 306 1475 Quid
324 1418 470 1465 datur
486 1425 532 1465 et
548 1418 728 1482 quibus
748 1416 925 1466 aether?
950 1417 1205 1483 egentibus
1225 1426 1271 1465 et
1289 1435 1431 1467 cruce
1450 1419 1629 1485 dignis,

112 1506 115 1507 ⁷
168 1505 341 1554 Sidera
363 1506 632 1568 vermibus,
656 1506 841 1571 optima
863 1506 1102 1566 sontibus,
1126 1513 1255 1554 astra
1277 1506 1522 1573 malignis.

167 1593 358 1643 Coeliea
381 1595 541 1662 gratia
564 1594 782 1643 criminis
805 1595 970 1643 omnia
993 1611 1093 1642 non
1118 1595 1266 1642 modo
1290 1595 1456 1654 donat,

169 1681 268 1732 Sed
290 1700 438 1749 super
459 1683 642 1732 aethera
666 1684 885 1750 (suscipe
908 1684 1096 1733 viscera
1118 1683 1277 1748 tanta)
1302 1693 1518 1732 coronet.

167 1771 417 1821 Omnibus
440 1772 587 1822 unica
609 1771 783 1822 coelica
807 1771 966 1838 gratia
986 1772 1296 1834 retribuetur,

167 1860 435 1924 Omnibus,
460 1863 690 1911 omnibus
712 1861 879 1910 ulcera
902 1862 1134 1910 flentibus
1158 1863 1438 1927 accipietur.

164 1950 305 1999 Tunc
327 1968 438 1999 rosa
461 1951 717 2018 sanguine,
739 1950 844 1999 lilia
866 1951 1060 2017 virgine
1082 1959 1244 1999 mente
1269 1951 1519 2000 micabunt
1540 1971 1553 2013 3

166 2038 367 2087 Gaudia
389 2041 609 2088 maxima
631 2048 695 2101 te,
720 2039 802 2104 pia
823 2037 1044 2103 lacryma
1066 2049 1112 2087 te
1135 2040 1436 2088 recreabunt.

1427 2208 1478 2242 40
