<?xml version="1.0" encoding="UTF-8"?>
<!DOCTYPE html PUBLIC "-//W3C//DTD XHTML 1.0 Transitional//EN"
    "http://www.w3.org/TR/xhtml1/DTD/xhtml1-transitional.dtd">
<html xmlns="http://www.w3.org/1999/xhtml" xml:lang="en" lang="en">
 <head>
  <title>
</title>
<meta http-equiv="Content-Type" content="text/html;charset=utf-8" />
  <meta name='ocr-system' content='tesseract 3.04.00' />
  <meta name='ocr-capabilities' content='ocr_page ocr_carea ocr_par ocr_line ocrx_word'/>
</head>
<body>
  <div class='ocr_page' id='page_1' title='image "./rhythmofbernardd00bern_0047.png"; bbox 0 0 1721 2354; ppageno 0'>
   <div class='ocr_carea' id='block_1_1' title="bbox 25 321 1531 2066">
    <p class='ocr_par' dir='ltr' id='par_1_1' title="bbox 25 321 1531 2066">
     <span class='ocr_line' id='line_1_1' title="bbox 79 321 1299 385; baseline -0.002 -14"><span class='ocrx_word' id='word_1_1' title='bbox 79 322 168 371; x_wconf 92' lang='lat' dir='ltr'>Nil</span> <span class='ocrx_word' id='word_1_2' title='bbox 191 323 260 370; x_wconf 92' lang='lat' dir='ltr'>ibi</span> <span class='ocrx_word' id='word_1_3' title='bbox 283 322 458 385; x_wconf 88' lang='lat' dir='ltr'>debile,</span> <span class='ocrx_word' id='word_1_4' title='bbox 484 322 552 371; x_wconf 93' lang='lat' dir='ltr'>nil</span> <span class='ocrx_word' id='word_1_5' title='bbox 574 323 643 372; x_wconf 92' lang='lat' dir='ltr'>ibi</span> <span class='ocrx_word' id='word_1_6' title='bbox 668 322 848 385; x_wconf 89' lang='lat' dir='ltr'>flebile,</span> <span class='ocrx_word' id='word_1_7' title='bbox 873 321 943 370; x_wconf 92' lang='lat' dir='ltr'>nil</span> <span class='ocrx_word' id='word_1_8' title='bbox 966 322 1035 370; x_wconf 92' lang='lat' dir='ltr'>ibi</span> <span class='ocrx_word' id='word_1_9' title='bbox 1059 322 1264 370; x_wconf 88' lang='lat' dir='ltr'>scissum</span> <span class='ocrx_word' id='word_1_10' title='bbox 1284 340 1299 383; x_wconf 82' lang='lat'><em>3</em></span> 
     </span>
     <span class='ocr_line' id='line_1_2' title="bbox 79 410 1364 477; baseline -0.001 -17"><span class='ocrx_word' id='word_1_11' title='bbox 79 411 181 460; x_wconf 88' lang='lat' dir='ltr'>Res</span> <span class='ocrx_word' id='word_1_12' title='bbox 202 411 270 459; x_wconf 91' lang='lat' dir='ltr'>ibi</span> <span class='ocrx_word' id='word_1_13' title='bbox 293 411 492 476; x_wconf 90' lang='lat' dir='ltr'>publica</span> <span class='ocrx_word' id='word_1_14' title='bbox 515 429 612 477; x_wconf 99' lang='lat' dir='ltr'>pax</span> <span class='ocrx_word' id='word_1_15' title='bbox 638 412 729 459; x_wconf 88' lang='lat' dir='ltr'>erit</span> <span class='ocrx_word' id='word_1_16' title='bbox 751 412 912 473; x_wconf 90' lang='lat' dir='ltr'>unica,</span> <span class='ocrx_word' id='word_1_17' title='bbox 937 428 1035 476; x_wconf 89' lang='lat' dir='ltr'>pax</span> <span class='ocrx_word' id='word_1_18' title='bbox 1059 411 1110 458; x_wconf 92' lang='lat' dir='ltr'>in</span> <span class='ocrx_word' id='word_1_19' title='bbox 1133 410 1364 475; x_wconf 90' lang='lat' dir='ltr'>idipsum.</span> 
     </span>
     <span class='ocr_line' id='line_1_3' title="bbox 79 497 1531 563; baseline 0 -17"><span class='ocrx_word' id='word_1_20' title='bbox 79 497 180 546; x_wconf 93' lang='lat' dir='ltr'>Hic</span> <span class='ocrx_word' id='word_1_21' title='bbox 192 497 343 560; x_wconf 86' lang='lat' dir='ltr'>furor,</span> <span class='ocrx_word' id='word_1_22' title='bbox 354 497 433 546; x_wconf 88' lang='lat' dir='ltr'>hic</span> <span class='ocrx_word' id='word_1_23' title='bbox 449 497 595 560; x_wconf 88' lang='lat' dir='ltr'>mala,</span> <span class='ocrx_word' id='word_1_24' title='bbox 607 499 885 560; x_wconf 80' lang='lat' dir='ltr'>schismata,</span> <span class='ocrx_word' id='word_1_25' title='bbox 901 497 1148 559; x_wconf 87' lang='lat' dir='ltr'>scandala,</span> <span class='ocrx_word' id='word_1_26' title='bbox 1164 515 1261 563; x_wconf 86' lang='lat' dir='ltr'>pax</span> <span class='ocrx_word' id='word_1_27' title='bbox 1276 498 1378 546; x_wconf 91' lang='lat' dir='ltr'>sine</span> <span class='ocrx_word' id='word_1_28' title='bbox 1388 514 1508 562; x_wconf 89' lang='lat' dir='ltr'>pace</span> <span class='ocrx_word' id='word_1_29' title='bbox 1517 516 1531 560; x_wconf 79' lang='lat'><em>3</em></span> 
     </span>
     <span class='ocr_line' id='line_1_4' title="bbox 77 584 1350 650; baseline 0.001 -17"><span class='ocrx_word' id='word_1_30' title='bbox 77 584 189 633; x_wconf 87' lang='lat' dir='ltr'>Pax</span> <span class='ocrx_word' id='word_1_31' title='bbox 212 586 317 634; x_wconf 90' lang='lat' dir='ltr'>sine</span> <span class='ocrx_word' id='word_1_32' title='bbox 340 585 525 647; x_wconf 90' lang='lat' dir='ltr'>litibus,</span> <span class='ocrx_word' id='word_1_33' title='bbox 552 593 598 634; x_wconf 87' lang='lat' dir='ltr'>et</span> <span class='ocrx_word' id='word_1_34' title='bbox 621 586 724 634; x_wconf 89' lang='lat' dir='ltr'>sine</span> <span class='ocrx_word' id='word_1_35' title='bbox 747 586 961 634; x_wconf 88' lang='lat' dir='ltr'>luctibus</span> <span class='ocrx_word' id='word_1_36' title='bbox 984 586 1035 633; x_wconf 92' lang='lat' dir='ltr'>in</span> <span class='ocrx_word' id='word_1_37' title='bbox 1063 587 1200 650; x_wconf 83' lang='lat' dir='ltr'>Syon</span> <span class='ocrx_word' id='word_1_38' title='bbox 1224 601 1350 635; x_wconf 86' lang='lat' dir='ltr'>arce.</span> 
     </span>
     <span class='ocr_line' id='line_1_5' title="bbox 79 674 1183 739; baseline -0.002 -15"><span class='ocrx_word' id='word_1_39' title='bbox 79 674 124 724; x_wconf 94' lang='grc' dir='ltr'>Ο</span> <span class='ocrx_word' id='word_1_40' title='bbox 150 691 287 723; x_wconf 88' lang='lat' dir='ltr'>sacra</span> <span class='ocrx_word' id='word_1_41' title='bbox 309 675 461 739; x_wconf 88' lang='lat' dir='ltr'>potio,</span> <span class='ocrx_word' id='word_1_42' title='bbox 487 692 622 723; x_wconf 86' lang='lat' dir='ltr'>sacra</span> <span class='ocrx_word' id='word_1_43' title='bbox 646 674 859 735; x_wconf 86' lang='lat' dir='ltr'>refectio,</span> <span class='ocrx_word' id='word_1_44' title='bbox 883 675 1007 723; x_wconf 88' lang='lat' dir='ltr'>visio</span> <span class='ocrx_word' id='word_1_45' title='bbox 1032 674 1183 739; x_wconf 88' lang='lat' dir='ltr'>pacis,</span> 
     </span>
     <span class='ocr_line' id='line_1_6' title="bbox 77 761 1429 828; baseline -0.001 -19"><span class='ocrx_word' id='word_1_46' title='bbox 77 761 263 811; x_wconf 82' lang='lat' dir='ltr'>Mentis</span> <span class='ocrx_word' id='word_1_47' title='bbox 282 773 334 818; x_wconf 23' lang='lat' dir='ltr'>*et</span> <span class='ocrx_word' id='word_1_48' title='bbox 358 763 542 824; x_wconf 87' lang='lat' dir='ltr'>unctio,</span> <span class='ocrx_word' id='word_1_49' title='bbox 567 763 800 828; x_wconf 91' lang='lat' dir='ltr'>nullaque</span> <span class='ocrx_word' id='word_1_50' title='bbox 823 763 1004 810; x_wconf 90' lang='lat' dir='ltr'>mentio</span> <span class='ocrx_word' id='word_1_51' title='bbox 1030 762 1213 810; x_wconf 87' lang='lat' dir='ltr'>ventris</span> <span class='ocrx_word' id='word_1_52' title='bbox 1237 761 1397 810; x_wconf 90' lang='lat' dir='ltr'>edacis</span> <span class='ocrx_word' id='word_1_53' title='bbox 1419 761 1429 808; x_wconf 77' lang='lat'>1</span> 
     </span>
     <span class='ocr_line' id='line_1_7' title="bbox 77 849 1410 916; baseline -0.001 -19"><span class='ocrx_word' id='word_1_54' title='bbox 77 849 190 898; x_wconf 67' lang='lat' dir='ltr'>Hac</span> <span class='ocrx_word' id='word_1_55' title='bbox 213 849 362 898; x_wconf 90' lang='lat' dir='ltr'>homo</span> <span class='ocrx_word' id='word_1_56' title='bbox 386 851 572 912; x_wconf 89' lang='lat' dir='ltr'>nititur,</span> <span class='ocrx_word' id='word_1_57' title='bbox 597 850 834 913; x_wconf 85' lang='lat' dir='ltr'>ambulat,</span> <span class='ocrx_word' id='word_1_58' title='bbox 860 850 1029 912; x_wconf 86' lang='lat' dir='ltr'>utitur,</span> <span class='ocrx_word' id='word_1_59' title='bbox 1054 866 1170 916; x_wconf 87' lang='lat' dir='ltr'>ergo</span> <span class='ocrx_word' id='word_1_60' title='bbox 1194 849 1410 910; x_wconf 84' lang='lat' dir='ltr'>fruetur3</span> 
     </span>
     <span class='ocr_line' id='line_1_8' title="bbox 29 881 1391 1033; baseline -0.001 -47"><span class='ocrx_word' id='word_1_61' title='bbox 29 881 35 1033; x_wconf 55' lang='lat' dir='ltr'>i</span> <span class='ocrx_word' id='word_1_62' title='bbox 73 938 186 986; x_wconf 87' lang='lat' dir='ltr'>Pax</span> <span class='ocrx_word' id='word_1_63' title='bbox 210 947 331 1000; x_wconf 87' lang='lat' dir='ltr'>rata,</span> <span class='ocrx_word' id='word_1_64' title='bbox 351 955 448 1004; x_wconf 86' lang='lat' dir='ltr'>pax</span> <span class='ocrx_word' id='word_1_65' title='bbox 475 956 546 1001; x_wconf 90' lang='lat' dir='ltr'>ea,</span> <span class='ocrx_word' id='word_1_66' title='bbox 573 956 658 1004; x_wconf 87' lang='lat' dir='ltr'>spe</span> <span class='ocrx_word' id='word_1_67' title='bbox 682 939 847 1000; x_wconf 89' lang='lat' dir='ltr'>modo,</span> <span class='ocrx_word' id='word_1_68' title='bbox 872 947 1041 1004; x_wconf 86' lang='lat' dir='ltr'>postea</span> <span class='ocrx_word' id='word_1_69' title='bbox 1064 955 1133 998; x_wconf 89' lang='lat' dir='ltr'>re,</span> <span class='ocrx_word' id='word_1_70' title='bbox 1157 938 1391 1003; x_wconf 80' lang='lat' dir='ltr'>capietur.</span> 
     </span>
     <span class='ocr_line' id='line_1_9' title="bbox 73 1025 1218 1091; baseline -0.002 -16"><span class='ocrx_word' id='word_1_71' title='bbox 73 1025 110 1075; x_wconf 88' lang='lat' dir='ltr'><strong>J</strong></span> <span class='ocrx_word' id='word_1_72' title='bbox 115 1041 236 1075; x_wconf 85' lang='lat' dir='ltr'>EsUs</span> <span class='ocrx_word' id='word_1_73' title='bbox 261 1026 350 1075; x_wconf 90' lang='lat' dir='ltr'>erit</span> <span class='ocrx_word' id='word_1_74' title='bbox 373 1027 501 1091; x_wconf 88' lang='lat' dir='ltr'>pius,</span> <span class='ocrx_word' id='word_1_75' title='bbox 528 1035 574 1075; x_wconf 85' lang='lat' dir='ltr'>et</span> <span class='ocrx_word' id='word_1_76' title='bbox 596 1028 742 1075; x_wconf 88' lang='lat' dir='ltr'>decor</span> <span class='ocrx_word' id='word_1_77' title='bbox 763 1027 893 1075; x_wconf 90' lang='lat' dir='ltr'>illius</span> <span class='ocrx_word' id='word_1_78' title='bbox 917 1044 1027 1075; x_wconf 87' lang='lat' dir='ltr'>esca</span> <span class='ocrx_word' id='word_1_79' title='bbox 1051 1027 1218 1088; x_wconf 86' lang='lat' dir='ltr'>beatis,</span> 
     </span>
     <span class='ocr_line' id='line_1_10' title="bbox 73 1113 1375 1177; baseline 0.002 -16"><span class='ocrx_word' id='word_1_80' title='bbox 73 1113 269 1162; x_wconf 87' lang='lat' dir='ltr'>Pascua</span> <span class='ocrx_word' id='word_1_81' title='bbox 291 1115 551 1177; x_wconf 84' lang='lat' dir='ltr'>mentibus,</span> <span class='ocrx_word' id='word_1_82' title='bbox 576 1115 702 1163; x_wconf 87' lang='lat' dir='ltr'>hanc</span> <span class='ocrx_word' id='word_1_83' title='bbox 727 1116 1016 1177; x_wconf 80' lang='lat' dir='ltr'>sitientibus,</span> <span class='ocrx_word' id='word_1_84' title='bbox 1041 1115 1133 1163; x_wconf 68' lang='lat' dir='ltr'>hac</span> <span class='ocrx_word' id='word_1_85' title='bbox 1158 1115 1342 1163; x_wconf 85' lang='lat' dir='ltr'>satiatis</span> <span class='ocrx_word' id='word_1_86' title='bbox 1363 1135 1375 1176; x_wconf 89' lang='lat'>;</span> 
     </span>
     <span class='ocr_line' id='line_1_11' title="bbox 73 1202 1238 1270; baseline 0.003 -21"><span class='ocrx_word' id='word_1_87' title='bbox 73 1202 141 1250; x_wconf 89' lang='lat' dir='ltr'>Et</span> <span class='ocrx_word' id='word_1_88' title='bbox 163 1202 328 1250; x_wconf 86' lang='lat' dir='ltr'>sitiens</span> <span class='ocrx_word' id='word_1_89' title='bbox 352 1203 460 1265; x_wconf 88' lang='lat' dir='ltr'>eris,</span> <span class='ocrx_word' id='word_1_90' title='bbox 486 1213 531 1252; x_wconf 88' lang='lat' dir='ltr'>et</span> <span class='ocrx_word' id='word_1_91' title='bbox 554 1205 803 1253; x_wconf 86' lang='lat' dir='ltr'>satiaberis</span> <span class='ocrx_word' id='word_1_92' title='bbox 827 1204 918 1252; x_wconf 71' lang='lat' dir='ltr'>hac</span> <span class='ocrx_word' id='word_1_93' title='bbox 943 1205 1068 1270; x_wconf 89' lang='lat' dir='ltr'>dape</span> <span class='ocrx_word' id='word_1_94' title='bbox 1090 1204 1205 1253; x_wconf 86' lang='lat' dir='ltr'>vitae</span> <span class='ocrx_word' id='word_1_95' title='bbox 1225 1222 1238 1265; x_wconf 86' lang='lat'><em>3</em></span> 
     </span>
     <span class='ocr_line' id='line_1_12' title="bbox 71 1290 1352 1358; baseline 0.002 -20"><span class='ocrx_word' id='word_1_96' title='bbox 71 1290 133 1339; x_wconf 92' lang='lat' dir='ltr'>In</span> <span class='ocrx_word' id='word_1_97' title='bbox 156 1291 327 1340; x_wconf 76' lang='lat' dir='ltr'>neutro</span> <span class='ocrx_word' id='word_1_98' title='bbox 350 1292 504 1355; x_wconf 87' lang='lat' dir='ltr'>labor,</span> <span class='ocrx_word' id='word_1_99' title='bbox 529 1310 626 1341; x_wconf 86' lang='lat' dir='ltr'>una</span> <span class='ocrx_word' id='word_1_100' title='bbox 651 1295 805 1358; x_wconf 85' lang='lat' dir='ltr'>quies,</span> <span class='ocrx_word' id='word_1_101' title='bbox 831 1311 968 1342; x_wconf 86' lang='lat' dir='ltr'>amor</span> <span class='ocrx_word' id='word_1_102' title='bbox 991 1311 1117 1342; x_wconf 89' lang='lat' dir='ltr'>unus</span> <span class='ocrx_word' id='word_1_103' title='bbox 1141 1293 1352 1358; x_wconf 84' lang='lat' dir='ltr'>utrique.</span> 
     </span>
     <span class='ocr_line' id='line_1_13' title="bbox 70 1378 1233 1444; baseline 0.002 -17"><span class='ocrx_word' id='word_1_104' title='bbox 70 1378 276 1429; x_wconf 90' lang='lat' dir='ltr'>Civibus</span> <span class='ocrx_word' id='word_1_105' title='bbox 300 1380 492 1429; x_wconf 87' lang='lat' dir='ltr'>aetheris</span> <span class='ocrx_word' id='word_1_106' title='bbox 516 1382 845 1444; x_wconf 80' lang='lat' dir='ltr'>associaberis,</span> <span class='ocrx_word' id='word_1_107' title='bbox 870 1383 1060 1431; x_wconf 87' lang='lat' dir='ltr'>advena</span> <span class='ocrx_word' id='word_1_108' title='bbox 1082 1383 1233 1444; x_wconf 71' lang='lat' dir='ltr'>civis,</span> 
     </span>
     <span class='ocr_line' id='line_1_14' title="bbox 25 1382 1467 1598; baseline 0.002 -83"><span class='ocrx_word' id='word_1_109' title='bbox 25 1382 31 1598; x_wconf 41' lang='grc' dir='ltr'><strong><em>ἐ</em></strong></span> <span class='ocrx_word' id='word_1_110' title='bbox 73 1468 175 1516; x_wconf 89' lang='lat' dir='ltr'>Hic</span> <span class='ocrx_word' id='word_1_111' title='bbox 197 1469 332 1531; x_wconf 86' lang='lat' dir='ltr'>tuba,</span> <span class='ocrx_word' id='word_1_112' title='bbox 355 1487 454 1534; x_wconf 90' lang='lat' dir='ltr'>pax</span> <span class='ocrx_word' id='word_1_113' title='bbox 478 1470 564 1532; x_wconf 89' lang='lat' dir='ltr'>ibi,</span> <span class='ocrx_word' id='word_1_114' title='bbox 589 1471 689 1519; x_wconf 90' lang='lat' dir='ltr'>vita</span> <span class='ocrx_word' id='word_1_115' title='bbox 712 1488 915 1520; x_wconf 86' lang='lat' dir='ltr'>manens</span> <span class='ocrx_word' id='word_1_116' title='bbox 938 1472 1043 1532; x_wconf 87' lang='lat' dir='ltr'>tibi,</span> <span class='ocrx_word' id='word_1_117' title='bbox 1070 1471 1155 1536; x_wconf 89' lang='lat' dir='ltr'>qui</span> <span class='ocrx_word' id='word_1_118' title='bbox 1179 1471 1300 1519; x_wconf 89' lang='lat' dir='ltr'>bene</span> <span class='ocrx_word' id='word_1_119' title='bbox 1323 1470 1467 1519; x_wconf 89' lang='lat' dir='ltr'>vivis.</span> 
     </span>
     <span class='ocr_line' id='line_1_15' title="bbox 25 1556 1302 1660; baseline 0.003 -56"><span class='ocrx_word' id='word_1_120' title='bbox 25 1599 29 1660; x_wconf 57' lang='grc'>1</span> <span class='ocrx_word' id='word_1_121' title='bbox 70 1556 174 1605; x_wconf 90' lang='lat' dir='ltr'>Hic</span> <span class='ocrx_word' id='word_1_122' title='bbox 197 1557 287 1606; x_wconf 90' lang='lat' dir='ltr'>erit</span> <span class='ocrx_word' id='word_1_123' title='bbox 309 1559 535 1607; x_wconf 90' lang='lat' dir='ltr'>omnibus</span> <span class='ocrx_word' id='word_1_124' title='bbox 559 1576 658 1607; x_wconf 88' lang='lat' dir='ltr'>una</span> <span class='ocrx_word' id='word_1_125' title='bbox 679 1559 908 1608; x_wconf 89' lang='lat' dir='ltr'>fidelibus</span> <span class='ocrx_word' id='word_1_126' title='bbox 932 1559 1107 1608; x_wconf 88' lang='lat' dir='ltr'>ultima</span> <span class='ocrx_word' id='word_1_127' title='bbox 1131 1576 1302 1620; x_wconf 86' lang='lat' dir='ltr'>coena3</span> 
     </span>
     <span class='ocr_line' id='line_1_16' title="bbox 25 1644 1362 1745; baseline 0.002 -54"><span class='ocrx_word' id='word_1_128' title='bbox 25 1665 29 1745; x_wconf 58' lang='grc'>1</span> <span class='ocrx_word' id='word_1_129' title='bbox 68 1644 208 1692; x_wconf 84' lang='lat' dir='ltr'>Tunc</span> <span class='ocrx_word' id='word_1_130' title='bbox 231 1645 561 1694; x_wconf 85' lang='lat' dir='ltr'>cumulabitur</span> <span class='ocrx_word' id='word_1_131' title='bbox 583 1655 730 1711; x_wconf 90' lang='lat' dir='ltr'>atque</span> <span class='ocrx_word' id='word_1_132' title='bbox 752 1647 1016 1711; x_wconf 86' lang='lat' dir='ltr'>replebitur</span> <span class='ocrx_word' id='word_1_133' title='bbox 1039 1646 1125 1695; x_wconf 90' lang='lat' dir='ltr'>illa</span> <span class='ocrx_word' id='word_1_134' title='bbox 1149 1663 1331 1713; x_wconf 85' lang='lat' dir='ltr'>sagena</span> <span class='ocrx_word' id='word_1_135' title='bbox 1349 1665 1362 1708; x_wconf 90' lang='lat'>;</span> 
     </span>
     <span class='ocr_line' id='line_1_17' title="bbox 69 1732 1476 1801; baseline 0.003 -22"><span class='ocrx_word' id='word_1_136' title='bbox 69 1732 315 1797; x_wconf 87' lang='lat' dir='ltr'>Denique,</span> <span class='ocrx_word' id='word_1_137' title='bbox 337 1734 548 1798; x_wconf 88' lang='lat' dir='ltr'>piscibus</span> <span class='ocrx_word' id='word_1_138' title='bbox 572 1734 761 1800; x_wconf 90' lang='lat' dir='ltr'>integra</span> <span class='ocrx_word' id='word_1_139' title='bbox 784 1735 1023 1800; x_wconf 86' lang='lat' dir='ltr'>pluribus,</span> <span class='ocrx_word' id='word_1_140' title='bbox 1054 1736 1243 1801; x_wconf 86' lang='lat' dir='ltr'>integra</span> <span class='ocrx_word' id='word_1_141' title='bbox 1265 1736 1476 1801; x_wconf 85' lang='lat' dir='ltr'>magnis,</span> 
     </span>
     <span class='ocr_line' id='line_1_18' title="bbox 69 1820 1388 1891; baseline 0.002 -22"><span class='ocrx_word' id='word_1_142' title='bbox 69 1820 463 1870; x_wconf 86' lang='lat' dir='ltr'>Glorificabitur:</span> <span class='ocrx_word' id='word_1_143' title='bbox 491 1822 571 1871; x_wconf 90' lang='lat' dir='ltr'>hic</span> <span class='ocrx_word' id='word_1_144' title='bbox 594 1825 925 1873; x_wconf 85' lang='lat' dir='ltr'>removebitur</span> <span class='ocrx_word' id='word_1_145' title='bbox 949 1825 1124 1891; x_wconf 82' lang='lat' dir='ltr'>anguis</span> <span class='ocrx_word' id='word_1_146' title='bbox 1150 1825 1211 1872; x_wconf 88' lang='lat' dir='ltr'>ab</span> <span class='ocrx_word' id='word_1_147' title='bbox 1230 1825 1388 1890; x_wconf 84' lang='lat' dir='ltr'>agnis.</span> 
     </span>
     <span class='ocr_line' id='line_1_19' title="bbox 66 1908 1370 1979; baseline 0.002 -22"><span class='ocrx_word' id='word_1_148' title='bbox 66 1908 168 1958; x_wconf 87' lang='lat' dir='ltr'>Per</span> <span class='ocrx_word' id='word_1_149' title='bbox 191 1926 327 1958; x_wconf 88' lang='lat' dir='ltr'>sacra</span> <span class='ocrx_word' id='word_1_150' title='bbox 349 1909 468 1972; x_wconf 90' lang='lat' dir='ltr'>lilia,</span> <span class='ocrx_word' id='word_1_151' title='bbox 492 1927 674 1976; x_wconf 87' lang='lat' dir='ltr'>perque</span> <span class='ocrx_word' id='word_1_152' title='bbox 697 1912 904 1961; x_wconf 89' lang='lat' dir='ltr'>virentia</span> <span class='ocrx_word' id='word_1_153' title='bbox 928 1913 1148 1979; x_wconf 87' lang='lat' dir='ltr'>germina</span> <span class='ocrx_word' id='word_1_154' title='bbox 1171 1912 1370 1974; x_wconf 89' lang='lat' dir='ltr'>florum,</span> 
     </span>
     <span class='ocr_line' id='line_1_20' title="bbox 67 1996 1250 2066; baseline 0.004 -22"><span class='ocrx_word' id='word_1_155' title='bbox 67 1996 427 2061; x_wconf 85' lang='lat' dir='ltr'>Expatiabitur,</span> <span class='ocrx_word' id='word_1_156' title='bbox 452 2014 509 2046; x_wconf 87' lang='lat' dir='ltr'>ac</span> <span class='ocrx_word' id='word_1_157' title='bbox 532 1997 865 2048; x_wconf 88' lang='lat' dir='ltr'>modulabitur</span> <span class='ocrx_word' id='word_1_158' title='bbox 889 2000 1008 2048; x_wconf 88' lang='lat' dir='ltr'>ordo</span> <span class='ocrx_word' id='word_1_159' title='bbox 1032 2001 1250 2066; x_wconf 90' lang='lat' dir='ltr'>piorum:</span> 
     </span>
    </p>
   </div>
   <div class='ocr_carea' id='block_1_2' title="bbox 509 2173 1113 2180">
    <p class='ocr_par' dir='ltr' id='par_1_2' title="bbox 509 2173 1113 2180">
     <span class='ocr_line' id='line_1_21' title="bbox 509 2173 1113 2180; baseline 0 0"><span class='ocrx_word' id='word_1_160' title='bbox 509 2173 1113 2180; x_wconf 95' lang='lat' dir='ltr'> </span> 
     </span>
    </p>
   </div>
   <div class='ocr_carea' id='block_1_3' title="bbox 1312 2208 1366 2247">
    <p class='ocr_par' dir='ltr' id='par_1_3' title="bbox 1312 2208 1366 2247">
     <span class='ocr_line' id='line_1_22' title="bbox 1312 2208 1366 2247; baseline 0 0"><span class='ocrx_word' id='word_1_161' title='bbox 1312 2208 1366 2247; x_wconf 82' lang='lat'>39</span> 
     </span>
    </p>
   </div>
  </div>
 </body>
</html>
