1721 2354
59 336 185 384 Sunt
207 337 296 385 tibi
320 336 422 385 lilia
447 354 571 402 pura
593 335 775 385 cubilia
798 336 1112 403 virginitatis,

57 423 148 484 Est
169 441 279 472 rosa
302 424 540 490 sanguine
563 440 797 489 purpura,
822 423 1007 472 lumine
1031 424 1320 472 sobrietatis.

55 511 432 576 TequePatrum
443 512 620 560 chorus
631 519 787 573 ornat,
797 511 943 560 habet
954 512 1122 561 thorus
1138 512 1509 560 immaculatus:

57 599 334 664 Sanctaque
357 601 575 661 victima,
603 607 868 664 sanctaque
886 599 1142 664 lachryma
1158 618 1303 665 poena
1317 609 1493 649 reatus.

56 686 164 735 Rex
186 688 275 735 tibi
301 688 455 736 Filius
478 688 669 750 unicus,
692 687 823 736 illius
848 687 941 735 Ille
967 689 1162 751 Mariae,

58 775 216 840 Stirps
235 776 620 841 sacraVirginis,
633 777 831 825 Author
846 777 1063 841 originis,
1077 778 1279 842 Ensque
1294 779 1482 843 sophiae
1495 797 1507 840 3

55 864 166 912 Rex
190 864 280 912 tibi
302 864 545 929 praesidet,
571 875 616 912 et
640 873 724 912 tua
747 865 961 929 possidet
982 866 1122 927 atria,
1148 883 1377 936 magnus,

55 951 156 1010 Qui
174 952 338 1000 Patris
358 953 552 1001 Unicus
570 961 657 1013 est,
674 952 773 1000 Leo
793 953 1046 1017 mysticus,
1066 963 1112 1001 et
1131 963 1295 1002 tamen
1313 957 1506 1021 Agnus.

54 1038 100 1087 O
126 1040 229 1087 sine
252 1039 466 1101 luxibus,
493 1039 538 1089 Ο
565 1041 666 1088 sine
690 1028 916 1102 luctibuS‚
943 1041 988 1090 O
1015 1042 1118 1090 sine
1141 1042 1242 1104 lite,

53 1126 322 1191 Splendida
347 1127 514 1189 Curia,
540 1128 715 1176 florida
738 1129 925 1191 Patria,
952 1130 1124 1178 Patria
1147 1132 1261 1180 vitae
1284 1133 1295 1180 Σ

52 1392 187 1441 Urbs
213 1394 349 1458 Syon
373 1393 576 1459 inclyta,
601 1395 745 1443 turris
770 1402 816 1442 et
840 1395 970 1443 edita
991 1395 1151 1444 littore
1174 1403 1298 1458 tuto,

49 1480 117 1528 Te
141 1487 270 1545 peto,
295 1489 342 1529 te
365 1482 491 1544 colo,
516 1491 561 1530 te
585 1482 760 1549 flagro,
785 1491 831 1531 te
853 1483 986 1546 volo,
1011 1493 1171 1547 canto,
1195 1484 1352 1534 saluto
1375 1503 1387 1533 :

49 1568 156 1616 Nec
181 1569 363 1618 meritis
387 1578 529 1634 peto3
567 1587 681 1618 nain
706 1572 890 1620 meritis
915 1579 1044 1620 meto
1068 1581 1223 1621 morte
1245 1574 1434 1638 perire:

47 1657 156 1706 Nee
180 1659 382 1706 reticens
406 1667 536 1724 tego,
560 1660 692 1724 quod
717 1660 900 1708 meritis
920 1677 1012 1726 ego
1036 1660 1169 1709 filius
1192 1662 1294 1709 irae.

47 1746 163 1794 Vita
187 1747 384 1811 quidem
407 1765 533 1809 mea,
554 1748 655 1797 vita
679 1749 823 1796 nimis
846 1766 945 1810 rea,
969 1757 1162 1798 mortua
1182 1751 1300 1812 vita,

49 1834 248 1898 Quippe
271 1835 481 1883 reatibus
505 1835 780 1884 exitialibus
805 1837 995 1898 obruta,
1019 1838 1147 1886 trita.

47 1921 145 1985 Spe
168 1929 332 1969 tamen
355 1923 571 1984 ambulo,
596 1925 799 1988 praemia
823 1925 1015 1989 postulo
1040 1943 1239 1991 speque,
1259 1927 1484 1994 fideque3

45 2009 140 2057 Illa
162 2011 392 2075 perennia
415 2012 609 2076 postulo
635 2014 838 2077 praemia
861 2022 1001 2062 noete
1026 2015 1228 2081 dieque:
