1721 2354
55 350 195 397 Tunc
217 348 379 398 Jacob
406 346 579 408 Israel,
599 353 646 393 et
673 345 763 393 Lia
786 353 903 393 tunc
928 342 1091 392 Rahel
1114 342 1348 390 efficietur
1365 361 1379 403 3

55 438 194 484 Tunc
221 436 355 500 Syon
381 435 520 496 atria,
544 431 850 498 pulchraque
873 431 1031 497 patria
1054 430 1349 496 perficietur.

55 703 100 752 O
127 704 257 751 bona
282 701 471 762 Patria,
495 700 686 747 lumina
708 698 869 746 sobria
893 705 938 745 te
961 696 1301 762 speculantur:

53 792 137 839 Ad
161 799 245 838 tua
269 790 489 851 nomina,
514 789 676 837 sobria
698 787 887 834 lumina
910 786 1353 850 collacrymantur:

54 881 144 928 Est
167 890 252 928 tua
276 879 461 927 mentio
484 877 693 943 pectoris
718 875 902 936 unctio,
927 891 1044 923 cura
1068 873 1267 934 doloris,

54 967 461 1032 Concipientibus
488 964 669 1012 aethera
691 962 936 1011 mentibus
963 962 1091 1027 ignis
1116 961 1311 1009 amoris.

52 1056 128 1103 Tu
152 1055 290 1104 locus
314 1055 506 1115 unicus,
530 1053 711 1117 illeque
735 1051 934 1100 coelicus
959 1067 1008 1099 es
1033 1050 1309 1116 paradisus:

52 1144 169 1192 Non
194 1144 263 1191 ibi
286 1143 559 1206 lachryma,
585 1141 669 1188 sed
693 1139 1023 1205 placidissima
1048 1139 1245 1204 gaudia,
1270 1139 1410 1186 risus.

53 1234 145 1281 Est
168 1233 256 1281 tibi
283 1231 469 1280 consita
492 1230 677 1291 lauruS,
704 1238 750 1277 et
773 1229 917 1276 insita
941 1228 1113 1277 cedrus
1139 1228 1328 1292 hysopo
1354 1246 1364 1274 ε

54 1323 181 1372 Sunt
203 1320 443 1369 radiantia
460 1318 654 1385 jaspide
677 1318 876 1378 moenia,
899 1317 1031 1365 clara
1055 1333 1260 1381 pyropo.

53 1412 190 1459 Hinc
214 1410 302 1458 tibi
325 1409 531 1469 sardius,
555 1407 668 1455 inde
692 1406 928 1471 topazius,
952 1405 1067 1453 hinc
1091 1405 1395 1469 amethystus
1415 1424 1426 1453 :

7 818 14 1614 2-—ae—*Q

54 1500 145 1548 Est
169 1507 253 1546 tua
274 1497 460 1545 fabrica
479 1497 647 1544 concio
668 1494 856 1557 coelica,
875 1511 1167 1561 gemmaque
1188 1493 1476 1542 Cflizls'rus.

52 1588 162 1636 Lux
178 1596 279 1648 tua,
302 1603 436 1634 mors
461 1585 634 1646 crucis,
653 1592 799 1649 atque
817 1583 947 1633 Caro
967 1582 1125 1631 Ducis
1148 1590 1219 1630 est
1238 1580 1479 1630 Crucifixi
1498 1600 1508 1628 :

53 1678 200 1737 Laus,
224 1675 516 1736 benedictio,
542 1672 861 1737 conjubilatio
885 1679 1113 1734 personat
1135 1671 1243 1735 ipsi.

54 1766 162 1813 Dos
185 1764 275 1811 tibi
298 1762 492 1823 florida,
513 1761 824 1825 Gemmaque
839 1759 1020 1820 lucida,
1046 1759 1156 1807 Rex
1173 1758 1461 1806 Nazarenus
1481 1774 1491 1803 :

53 1854 86 1904 J
96 1868 235 1914 EsUS,
250 1847 824 1911 homoDEUs,Annulus
843 1863 1034 1908 aurem,
1050 1845 1240 1893 Hortus
1260 1862 1506 1893 amoenus:

52 1942 88 1991 J
92 1958 238 2003 anua,
264 1940 300 1989 J
304 1940 479 2000 anitor,
502 1938 702 2003 ipseque
718 1937 956 1997 Portitor,
978 1935 1180 2000 ipseque
1207 1934 1408 1996 Portus,

53 2031 167 2095 Ipse
192 2027 409 2077 salutifer
431 2034 502 2074 est
525 2026 613 2074 tibi
639 2024 850 2086 Lucifer,
876 2023 1060 2085 Ari-ha,
1083 2023 1192 2084 Vir,
1228 2022 1397 2071 Ortus.

16 2201 352 2215 W-—r—-db—
1145 2197 1244 2202 -ρ
1267 2198 1296 2201 ⁷-

1336 2227 1388 2264 43
